@article{wills2006google,
 author = {Rebecca S. Wills},
 title = {{Googleâ€™s PageRank: The Math Behind the Search Engine}},
 journal = {The Mathematical Intelligencer},
 volume = {28},
 number = {4},
 pages = {6--11},
 year = {2006},
 publisher = {Springer},
}

@techreport{ilprints422,
 author = {Lawrence Page and Sergey Brin and Rajeev Motwani and Terry Winograd},
 title = {{The PageRank Citation Ranking: Bringing Order to the Web.}},
 number = {1999-66},
 month = {November},
 type = {Technical Report},
 publisher = {Stanford InfoLab},
 year = {1999},
 institution = {Stanford InfoLab},
 url = {\url{http://ilpubs.stanford.edu:8090/422/}},
}

@article{gleich2015pagerank,
 author = {David F. Gleich},
 title = {{PageRank Beyond the Web}},
 month = {August},
 year = {2015},
 publisher = {Society for Industrial and Applied Mathematics},
 journal = {SIAM Review},
 volume = {57},
 number = {3},
 pages = {321--363},
}

@misc{cornell2009lecture,
 author = {Raluca Tanase and Remus Radu},
 title = {{PageRank Algorithm - The Mathematics of Google Search}},
 note = {Lecture 3},
 year = {2009},
 url = {\url{http://www.math.cornell.edu/~mec/Winter2009/RalucaRemus/Lecture3/lecture3.html}},
}
